@book{CLRS2022,
  title={Introduction to Algorithms, fourth edition},
  author={Cormen, Thomas H. and Leiserson, Charles E. and Rivest, Ronald L. and Stein, Clifford},
  year={2022},
  publisher={The MIT Press},
  edition={4th}
}